<?xml version="1.0" encoding="UTF-8"?><collection xmlns="http://www.loc.gov/MARC21/slim"><record><leader>00721nam--2200205-i-4500</leader><controlfield tag="001">000005057</controlfield><controlfield tag="002">20161230</controlfield><controlfield tag="005">20161230201026</controlfield><controlfield tag="008">060222s1000------------r-----000-0-eng-d</controlfield><datafield ind1=" " ind2=" " tag="040"><subfield code="a">IFIN-HH</subfield></datafield><datafield ind1=" " ind2=" " tag="080"><subfield code="a">530.1</subfield></datafield><datafield ind1="1" ind2=" " tag="100"><subfield code="a">Blin-stoyle, R.J. /S.A.</subfield></datafield><datafield ind1="1" ind2="0" tag="245"><subfield code="a">Turning pionts in physics. a series of lectures given at oxford university in trinity term 1958. with an introduction by a.c. crombie</subfield><subfield code="c">R.j. blin-stoyle, d. ter haar, k. mendelssohn, g. temple, f. waismann, d.h. wilkinson</subfield></datafield><datafield ind1=" " ind2=" " tag="250"><subfield code="a">2-nd Printing</subfield></datafield><datafield ind1=" " ind2=" " tag="260"><subfield code="a">Amsterdam</subfield><subfield code="b">North-holland Publishing Company</subfield><subfield code="c">1960</subfield></datafield><datafield ind1=" " ind2=" " tag="300"><subfield code="a">190P</subfield></datafield><datafield ind1=" " ind2=" " tag="490"><subfield code="a">Series In Physics</subfield></datafield><datafield ind1="1" ind2=" " tag="700"><subfield code="b">Wilkinson, D.H</subfield></datafield><datafield ind1=" " ind2=" " tag="852"><subfield code="a">15446</subfield><subfield code="c">53.01</subfield></datafield><datafield ind1=" " ind2=" " tag="CAT"><subfield code="a">Sys</subfield><subfield code="c">20151012</subfield><subfield code="h">150034</subfield></datafield></record></collection>